
@article{talhouk2016,
	title = {Single-Patient Molecular Testing with NanoString nCounter Data Using a Reference-Based Strategy for Batch Effect Correction},
	author = {Talhouk, Aline and Kommoss, Stefan and Mackenzie, Robertson and Cheung, Martin and Leung, Samuel and Chiu, Derek S. and Kalloger, Steve E. and Huntsman, David G. and Chen, Stephanie and Intermaggio, Maria and Gronwald, Jacek and Chan, Fong C. and Ramus, Susan J. and Steidl, Christian and Scott, David W. and Anglesio, Michael S.},
	editor = {Haibe-Kains, Benjamin},
	year = {2016},
	month = {04},
	date = {2016-04-20},
	journal = {PLOS ONE},
	pages = {e0153844},
	volume = {11},
	number = {4},
	doi = {10.1371/journal.pone.0153844},
	url = {http://dx.doi.org/10.1371/journal.pone.0153844},
	langid = {en}
}
